@article{dip,
  title={The dip test of unimodality.},
  author={J. A. Hartigan and P. Hartigan},
  journal={The Annals of Statistics},
  year={1985}
}

@article{skinnydip,
  title={Skinny-dip: Clustering in a Sea of Noise},
  author={Samuel Maurus, Helmholtz Zentrum München; Claudia Plant},
  journal={Proceedings of the 22nd ACM SIGKDD International Conference on Knowledge Discovery and Data Mining},
  year={2016}
}

@article{dipmeans,
  title={Dip-means: an incremental clustering method for estimating the number of clusters.},
  author={A. Kalogeratos and A. Likas.},
  journal={In Advances in neural information processing systems, pages 2393–2401},
  year={2012}most similar 
dist@article{hong2015online,
  title={Online tracking by learning discriminative saliency map with convolutional neural network},
  author={Hong, Seunghoon and You, Tackgeun and Kwak, Suha and Han, Bohyung},
  journal={arXiv preprint arXiv:1502.06796},
  year={2015}
}


@article{ClusteringMethods,
 author = {Xu, Rui and Wunsch,II, D.},
 title = {Survey of Clustering Algorithms},
 journal = {Trans. Neur. Netw.},
 issue_date = {May 2005},
 volume = {16},
 number = {3},
 month = may,
 year = {2005},
 issn = {1045-9227},
 pages = {645--678},
 numpages = {34},
 url = {http://dx.doi.org/10.1109/TNN.2005.845141},
 doi = {10.1109/TNN.2005.845141},
 acmid = {2327433},
 publisher = {IEEE Press},
 address = {Piscataway, NJ, USA},
 keywords = {Adaptive resonance theory (ART), cluster validation, clustering, clustering algorithm, neural networks, proximity, self-organizing feature map (SOFM)},
}

@article{DBSCAN,
    author = {Martin Ester and Hans-peter Kriegel and Jörg Sander and Xiaowei Xu},
    title = {A density-based algorithm for discovering clusters in large spatial databases with noise},
    booktitle = {},
    year = {1996},
    pages = {226--231},
    publisher = {AAAI Press}
}
