@article{dip,
  title={The dip test of unimodality.},
  author={J. A. Hartigan and P. Hartigan},
  journal={The Annals of Statistics},
  year={1985}
}

@misc{skinnycode,
  author = {Maurus, Samuel and Plant, Claudia},
  title = {Skinny-dip: Clustering in a Sea of Noise},
  year = {2016},
  publisher = {GitHub},
  journal = {GitHub repository},
  howpublished = {\url{https://github.com/samhelmholtz/skinny-dip/}}
}

@article{skinnydip,
 author = {Maurus, Samuel and Plant, Claudia},
 title = {Skinny-dip: Clustering in a Sea of Noise},
 journal = {Proceedings of the 22nd ACM SIGKDD International Conference on Knowledge Discovery and Data Mining},
 series = {KDD '16},
 year = {2016},
 isbn = {978-1-4503-4232-2},
 location = {San Francisco, California, USA},
 pages = {1055--1064},
 numpages = {10},
 url = {http://doi.acm.org/10.1145/2939672.2939740},
 doi = {10.1145/2939672.2939740},
 acmid = {2939740},
 publisher = {ACM},
 address = {New York, NY, USA},
 keywords = {clustering, high-noise, modality-testing, parameter-free},
} 

@article{dipmeans,
  title={Dip-means: an incremental clustering method for estimating the number of clusters.},
  author={A. Kalogeratos and A. Likas.},
  journal={In Advances in neural information processing systems, pages 2393–2401},
  year={2012}
}


@article{ClusteringMethods,
 author = {Xu, Rui and Wunsch,II, D.},
 title = {Survey of Clustering Algorithms},
 journal = {Trans. Neur. Netw.},
 issue_date = {May 2005},
 volume = {16},
 number = {3},
 month = may,
 year = {2005},
 issn = {1045-9227},
 pages = {645--678},
 numpages = {34},
 url = {http://dx.doi.org/10.1109/TNN.2005.845141},
 doi = {10.1109/TNN.2005.845141},
 acmid = {2327433},
 publisher = {IEEE Press},
 address = {Piscataway, NJ, USA},
 keywords = {Adaptive resonance theory (ART), cluster validation, clustering, clustering algorithm, neural networks, proximity, self-organizing feature map (SOFM)},
}

@article{DBSCAN,
    author = {Martin Ester and Hans-peter Kriegel and Jörg Sander and Xiaowei Xu},
    title = {A density-based algorithm for discovering clusters in large spatial databases with noise},
    booktitle = {},
    year = {1996},
    pages = {226--231},
    publisher = {AAAI Press}
}


@article{Mahalnobis,
   author = {{Hsu}, S.-Y.},
    title = "{The Mahalanobis classifier with the generalized inverse approach for automated image processing}",
 keywords = {Automation, Image Processing, Land Use, Remote Sensors, Classifications, Collinearity, Data Processing},
booktitle = {American Society of Photogrammetry, Fall Technical Meeting},
     year = 1978,
    pages = {259-264},
   adsurl = {http://adsabs.harvard.edu/abs/1978aspg.meet..259H},
  adsnote = {Provided by the SAO/NASA Astrophysics Data System}
}